<record><leader>00000cas a22000007a 4500</leader><controlfield tag="001">12275411</controlfield><controlfield tag="008">850717d19151925iauwx ne      0    0eng d</controlfield><datafield ind1=" " ind2=" " tag="010"><subfield code="a">sn 85050835 </subfield></datafield><datafield ind1=" " ind2=" " tag="040"><subfield code="a">INP</subfield><subfield code="b">eng</subfield><subfield code="c">INP</subfield><subfield code="d">OCLCQ</subfield></datafield><datafield ind1=" " ind2=" " tag="042"><subfield code="a">msc</subfield></datafield><datafield ind1="0" ind2="4" tag="245"><subfield code="a">The Van Horne record.</subfield></datafield><datafield ind1=" " ind2=" " tag="260"><subfield code="a">Van Horne, Iowa :</subfield><subfield code="b">Hubert F. Mottet</subfield></datafield><datafield ind1=" " ind2=" " tag="300"><subfield code="a">v. :</subfield><subfield code="b">ill. (chiefly advertisements) ;</subfield><subfield code="c">53 cm.</subfield></datafield><datafield ind1=" " ind2=" " tag="310"><subfield code="a">Weekly</subfield></datafield><datafield ind1="1" ind2=" " tag="362"><subfield code="a">Began in 1915; ceased in 1925?</subfield><subfield code="z">Cf. Bibl. of Iowa newspapers.</subfield></datafield><datafield ind1=" " ind2=" " tag="500"><subfield code="a">Publisher varies.</subfield></datafield><datafield ind1=" " ind2=" " tag="515"><subfield code="a">Vol. 25, no. 40 (Jan. 5, 1917) misdated Jan. 5, 1916.</subfield></datafield><datafield ind1=" " ind2=" " tag="515"><subfield code="a">Suspended July 9-30, 1925.</subfield></datafield><datafield ind1=" " ind2=" " tag="515"><subfield code="a">Frequent errors in numbering.</subfield></datafield><datafield ind1=" " ind2=" " tag="588"><subfield code="a">Description based on: Vol. 25, no. 40 (Jan. 5, 1917).</subfield></datafield><datafield ind1=" " ind2=" " tag="752"><subfield code="a">United States</subfield><subfield code="b">Iowa</subfield><subfield code="c">Benton</subfield><subfield code="d">Van Horne.</subfield></datafield><datafield ind1="0" ind2="0" tag="780"><subfield code="t">Benton County record (Van Horne, Iowa)</subfield></datafield></record>